@book{smith2007design,
  title={Design of floors for vibration: A new approach},
  author={Smith, Andrew L and Hicks, Stephen J and Devine, Paul J},
  year={2007},
  publisher={Steel Construction Institute Ascot, Berkshire, UK}
}

@book{bachmann2012vibration,
  title={Vibration problems in structures: practical guidelines},
  author={Bachmann, Hugo and Ammann, Walter J and Deischl, Florian and Eisenmann, Josef and Floegl, Ingomar and Hirsch, Gerhard H and Klein, G{\"u}nter K and Lande, G{\"o}ran J and Mahrenholtz, Oskar and Natke, Hans G and others},
  year={2012},
  publisher={Birkh{\"a}user}
}

@inproceedings{lopez2014prototype,
  title={Prototype of an ultra-thin, concrete vaulted floor system},
  author={L{\'o}pez, David L{\'o}pez and Veenendaal, Diederik and Akbarzadeh, Masoud and Block, Philippe},
  booktitle={Proceedings of IASS Annual Symposia},
  volume={2014},
  number={15},
  pages={1--8},
  year={2014},
  organization={International Association for Shell and Spatial Structures (IASS)}
}

@article{arup2004hospital,
  title={Hospital Floor Vibration Study, Comparison of possible hospital floor structures with respect to NHS vibration criteria},
  author={Arup, Ove},
  journal={London: Ove Arup \& Partners Ltd},
  year={2004}
}

@article{willford2007predicting,
  title={Predicting footfall-induced vibration: Part 2},
  author={Willford, M and Young, P and Field, C},
  journal={Proceedings of the Institution of Civil Engineers-Structures and Buildings},
  volume={160},
  number={2},
  pages={73--79},
  year={2007},
  publisher={Thomas Telford Ltd}
}

@article{howard2007modal,
  title={Modal mass of clamped beams and clamped plates},
  author={Howard, Carl Q},
  journal={Journal of sound and vibration},
  volume={301},
  number={1-2},
  pages={410--414},
  year={2007},
  publisher={Elsevier}
}

@book{european1992eurocode,
  title={Eurocode 3: Design of steel structures},
  author={European Committee for Standardization},
  year={1992},
  publisher={CEN}
}

@article{sedlacek2006generalisation,
  title={Generalisation of criteria for floor vibrations for industrial, office, residential and public building and gymnastic halls},
  author={Sedlacek, G and Heinemeyer, C and Butz, C and VEILING, B and Waarts, P and Van Duin, F and HICKS, S and DEVINE, P and DEMARCO, T},
  journal={EUR},
  number={21972},
  pages={1--343},
  year={2006},
  publisher={European Commission}
}

@article{feldmann2009design,
  title={Design of floor structures for human induced vibrations},
  author={Feldmann, M and Heinemeyer, Ch and Butz, Chr and Caetano, E and Cunha, A and Galanti, F and Goldack, A and Hechler, O and Hicks, S and Keil, A and others},
  journal={JRC--ECCS joint report},
  year={2009}
}

@article{feldmann2010human,
  title={Human-induced vibration of steel structures (Hivoss)},
  author={Feldmann, M and Heinemeyer, Ch and Lukic, M and others},
  journal={Office for Official Publications of the European Communities, Luxembourg},
  year={2010}
}

@book{european2004eurocode2,
  title={Eurocode 2: Design of concrete structures},
  author={European Committee for Standardization},
  year={2004},
  publisher={CEN}
}

@book{european2005eurocode3,
  title={Eurocode 3: Design of steel structures},
  author={European Committee for Standardization},
  year={2005},
  publisher={CEN}
}

@book{european2004eurocode4,
  title={Eurocode 4: Design of composite steel and concrete structures},
  author={European Committee for Standardization},
  year={2004},
  publisher={CEN}
}

@book{chopra2007dynamics,
  title={Dynamics of structures: theory and applications to earthquake engineering},
  author={Chopra, Anil K and Chopra, Anil K},
  volume={3},
  year={2007},
  publisher={Pearson/Prentice Hall Upper Saddle River, NJ}
}

@online{prototype,
  author = {BRG ETHZ},
  title = {Rib-stiffened valued floor system},
  year = {2014},
  url = {http://block.arch.ethz.ch/brg/research/rib-stiffened-funicular-floor-system},
  urldate = {2019-01-19}
}